
@article{abele_bigger_2011,
	title = {The bigger one of the “{Big} {Two}”? {Preferential} processing of communal information},
	volume = {47},
	issn = {0022-1031},
	shorttitle = {The bigger one of the “{Big} {Two}”?},
	url = {https://www.sciencedirect.com/science/article/pii/S002210311100093X},
	doi = {10.1016/j.jesp.2011.03.028},
	language = {en},
	number = {5},
	urldate = {2023-05-16},
	journal = {Journal of Experimental Social Psychology},
	author = {Abele, Andrea E. and Bruckmüller, Susanne},
	month = sep,
	year = {2011},
	keywords = {Agency, Categorization speed, Communion, Person perception, Recognition speed, Speed of inferences},
	pages = {935--948},
}

@article{Almaatouq_BBS_2022,
	title = {Beyond {Playing} 20 {Questions} with {Nature}: {Integrative} {Experiment} {Design} in the {Social} and {Behavioral} {Sciences}},
	issn = {0140-525X},
	url = {https://doi.org/10.1017/S0140525X22002874},
	doi = {10.1017/S0140525X22002874},
	journal = {Behavioral and Brain Sciences},
	author = {Almaatouq, Abdullah and Griffiths, Thomas L. and Suchow, Jordan W. and Whiting, Mark E. and Evans, James and Watts, Duncan J.},
	year = {2022},
	note = {Edition: 2022/12/21
Publisher: Cambridge University Press},
	keywords = {experiments, generalizability, /unread, (in)commensurability, cumulative knowledge},
	pages = {1--55},
}

@article{anderson_value_2011,
	title = {Value-driven attentional capture},
	volume = {108},
	issn = {0027-8424, 1091-6490},
	url = {https://www.pnas.org/content/108/25/10367},
	doi = {10.1073/pnas.1104047108},
	pages = {10367--10371},
	number = {25},
	journaltitle = {Proceedings of the National Academy of Sciences},
	shortjournal = {{PNAS}},
	author = {Anderson, Brian A. and Laurent, Patryk A. and Yantis, Steven},
	urldate = {2021-03-22},
	date = {2011-06-21},
	langid = {english},
	pmid = {21646524},
	note = {Publisher: National Academy of Sciences
Section: Biological Sciences}
}

@article{anderson_visual_2011,
	title = {The Visual Impact of Gossip},
	volume = {332},
	rights = {Copyright Â© 2011, American Association for the Advancement of Science},
	issn = {0036-8075, 1095-9203},
	url = {https://science.sciencemag.org/content/332/6036/1446},
	doi = {10.1126/science.1201574},
	pages = {1446--1448},
	number = {6036},
	journaltitle = {Science},
	author = {Anderson, Eric and Siegel, Erika H. and Bliss-Moreau, Eliza and Barrett, Lisa Feldman},
	urldate = {2020-07-12},
	date = {2011-06-17},
	langid = {english},
	pmid = {21596956}
}

@article{atlas_ann_rev_2023,
	title = {How {Instructions}, {Learning}, and {Expectations} {Shape} {Pain} and {Neurobiological} {Responses}},
	volume = {46},
	url = {https://doi.org/10.1146/annurev-neuro-101822-122427},
	doi = {10.1146/annurev-neuro-101822-122427},
	number = {1},
	urldate = {2023-06-13},
	journal = {Annual Review of Neuroscience},
	author = {Atlas, Lauren Y.},
	year = {2023},
	pmid = {36917820},
	note = {\_eprint: https://doi.org/10.1146/annurev-neuro-101822-122427},
}

  @manual{Aust_2022_papaja,
    title = {{papaja}: {Prepare} reproducible {APA} journal articles
      with {R Markdown}},
    author = {Frederik Aust and Marius Barth},
    year = {2022},
    note = {R package version 0.1.1},
    url = {https://github.com/crsh/papaja},
  }

@article{bortolon_self-face_2018,
	title = {Self-face advantage over familiar and unfamiliar faces: {A} three-level meta-analytic approach},
	volume = {25},
	issn = {1531-5320},
	shorttitle = {Self-face advantage over familiar and unfamiliar faces},
	url = {https://doi.org/10.3758/s13423-018-1487-9},
	doi = {10.3758/s13423-018-1487-9},
	language = {en},
	number = {4},
	urldate = {2021-03-20},
	journal = {Psychonomic Bulletin \& Review},
	author = {Bortolon, Catherine and Raffard, Stéphane},
	month = aug,
	year = {2018},
	pages = {1287--1300},
}

@incollection{brambilla_primacy_2021,
	title = {The primacy of morality in impression development: {Theory}, research, and future directions},
	volume = {64},
	shorttitle = {Chapter {Four} - {The} primacy of morality in impression development},
	url = {https://www.sciencedirect.com/science/article/pii/S0065260121000113},
	language = {en},
	urldate = {2023-04-03},
	booktitle = {Advances in {Experimental} {Social} {Psychology}},
	publisher = {Academic Press},
	author = {Brambilla, Marco and Sacchi, Simona and Rusconi, Patrice and Goodwin, Geoffrey P.},
	editor = {Gawronski, Bertram},
	month = jan,
	year = {2021},
	doi = {10.1016/bs.aesp.2021.03.001},
	keywords = {Morality, Person perception, Group impressions, Impression development},
	pages = {187--262},
}

@article{Bürkner_2017,
   author = {Bürkner, Paul-Christian},
   title = {brms: An R Package for Bayesian Multilevel Models Using Stan},
   journal = {Journal of Statistical Software; Vol 1, Issue 1 (2017)},
   url = {https://www.jstatsoft.org/v080/i01
http://dx.doi.org/10.18637/jss.v080.i01},
   year = {2017},
}

@article{carlson_motivated_2020,
	title = {Motivated misremembering of selfish decisions},
	volume = {11},
	rights = {2020 The Author(s)},
	issn = {2041-1723},
	url = {https://www.nature.com/articles/s41467-020-15602-4},
	doi = {10.1038/s41467-020-15602-4},
	pages = {2100},
	number = {1},
	journaltitle = {Nature Communications},
	author = {Carlson, Ryan W. and MarÃ©chal, Michel AndrÃ© and Oud, Bastiaan and Fehr, Ernst and Crockett, Molly J.},
	urldate = {2020-07-21},
	date = {2020-04-29},
	langid = {english}
}

@article{Carpenter_2017_stan,
   author = {Carpenter, Bob and Gelman, Andrew and Hoffman, Matthew D. and Lee, Daniel and Goodrich, Ben and Betancourt, Michael and Brubaker, Marcus and Guo, Jiqiang and Li, Peter and Riddell, Allen},
   title = {Stan: A probabilistic programming language},
   journal = {Journal of Statistical Software},
   volume = {76},
   number = {1},
   DOI = {10.18637/jss.v076.i01},
   year = {2017},
   type = {Journal Article}
}

@article{carruthers_valence_2021,
	title = {On valence: imperative or representation of value?},
	issn = {0007-0882},
	shorttitle = {On valence},
	url = {https://www.journals.uchicago.edu/doi/abs/10.1086/714985},
	doi = {10.1086/714985},
	urldate = {2023-04-07},
	journal = {The British Journal for the Philosophy of Science},
	author = {Carruthers, Peter},
	month = apr,
	year = {2021},
}

@misc{Hu_hitchhikers_2022,
	title = {A {Hitchhiker}’s {Guide} to {Bayesian} {Hierarchical} {Drift}-{Diffusion} {Modeling} with {dockerHDDM}},
	copyright = {All rights reserved},
	url = {https://psyarxiv.com/6uzga/},
	doi = {10.31234/osf.io/6uzga},
	language = {en-us},
	urldate = {2022-11-01},
	publisher = {PsyArXiv},
	author = {Chuan-Peng, Hu and Geng, Haiyang and Zhang, Lei and Fengler, Alexander and Frank, Michael and Zhang, Ru-Yuan},
	month = nov,
	year = {2022},
	keywords = {Neuroscience, Cognitive Neuroscience, Computational Neuroscience, Reproducibility, Docker, Python, Bayesian hierarchical modeling, HDDM, drift-diffusion models},
}


@article{cole_nbr_2017,
	series = {The power of instructions: the influence of instructions on cognition, behaviour and physical states},
	title = {The task novelty paradox: {Flexible} control of inflexible neural pathways during rapid instructed task learning},
	volume = {81},
	issn = {0149-7634},
	shorttitle = {The task novelty paradox},
	url = {https://www.sciencedirect.com/science/article/pii/S0149763416306637},
	doi = {10.1016/j.neubiorev.2017.02.009},
	language = {en},
	urldate = {2023-06-13},
	journal = {Neuroscience \& Biobehavioral Reviews},
	author = {Cole, Michael W. and Braver, Todd S. and Meiran, Nachshon},
	month = oct,
	year = {2017},
	keywords = {Cognitive control, Neuroimaging, Functional connectivity, Automaticity, Executive functions, Network science, Instructed learning},
	pages = {4--15},
}

@article{deltomme_instructed_2018,
	series = {The implications and applications of learning via instructions},
	title = {Instructed fear stimuli bias visual attention},
	volume = {184},
	issn = {0001-6918},
	url = {https://www.sciencedirect.com/science/article/pii/S0001691817303062},
	doi = {10.1016/j.actpsy.2017.08.010},
	language = {en},
	urldate = {2022-12-09},
	journal = {Acta Psychologica},
	author = {Deltomme, Berre and Mertens, Gaetan and Tibboel, Helen and Braem, Senne},
	month = mar,
	year = {2018},
	keywords = {Attention, Fear conditioning, Dot-probe, Instructed fear, Learning via instructions},
	pages = {31--38},
}


@article{eiserbeck_visual_2020,
	title = {Visual consciousness of faces in the attentional blink: Knowledge-based effects of trustworthiness dominate over appearance-based impressions},
	volume = {83},
	issn = {1053-8100},
	url = {https://www.sciencedirect.com/science/article/pii/S1053810020301033},
	doi = {10.1016/j.concog.2020.102977},
	shorttitle = {Visual consciousness of faces in the attentional blink},
	pages = {102977},
	journaltitle = {Consciousness and Cognition},
	shortjournal = {Consciousness and Cognition},
	author = {Eiserbeck, Anna and Abdel Rahman, Rasha},
	urldate = {2021-03-05},
	date = {2020-08-01},
	langid = {english},
	keywords = {Affective knowledge, Attentional blink, Facial appearance, Person evaluation, Trustworthiness}
}


@article{firestone_cognition_2015,
	title = {Enhanced visual awareness for morality and pajamas? Perception vs. memory in "top-down" effects},
	volume = {136},
	issn = {00100277},
	url = {https://linkinghub.elsevier.com/retrieve/pii/S0010027714002157},
	doi = {10.1016/j.cognition.2014.10.014},
	shorttitle = {Enhanced visual awareness for morality and pajamas?},
	pages = {409--416},
	journaltitle = {Cognition},
	shortjournal = {Cognition},
	author = {Firestone, Chaz and Scholl, Brian J.},
	urldate = {2020-10-26},
	date = {2015-03},
	langid = {english}
}


@article{Firestone_2016_BBS,
	title = {Cognition does not affect perception: {Evaluating} the evidence for “top-down” effects},
	volume = {39},
	issn = {0140-525X, 1469-1825},
	shorttitle = {Cognition does not affect perception},
	url = {https://www.cambridge.org/core/journals/behavioral-and-brain-sciences/article/abs/cognition-does-not-affectperception-evaluating-the-evidence-for-topdown-effects/920E2AE74C642DD3CB3FA8160EA1D84A},
	doi = {10.1017/S0140525X15000965},
	language = {en},
	urldate = {2022-11-30},
	journal = {Behavioral and Brain Sciences},
	author = {Firestone, Chaz and Scholl, Brian J.},
	year = {2016},
	note = {Publisher: Cambridge University Press},
	pages = {e229},
	file = {Snapshot:/home/hcp4715/Zotero/storage/CL8SBYWI/920E2AE74C642DD3CB3FA8160EA1D84A.html:text/html},
}

@article{firestone_moral_2016,
	title = {‘{Moral} {Perception}’ {Reflects} {Neither} {Morality} {Nor} {Perception}},
	volume = {20},
	issn = {1364-6613, 1879-307X},
	url = {https://www.cell.com/trends/cognitive-sciences/abstract/S1364-6613(15)00272-7},
	doi = {10.1016/j.tics.2015.10.006},
	language = {English},
	number = {2},
	urldate = {2023-01-13},
	journal = {Trends in Cognitive Sciences},
	author = {Firestone, Chaz and Scholl, Brian J.},
	month = feb,
	year = {2016},
	pmid = {26612519},
	note = {Publisher: Elsevier},
	pages = {75--76},
}


@article{fiske_attention_1980,
	title = {Attention and weight in person perception: The impact of negative and extreme behavior},
	volume = {38},
	issn = {0022-3514},
	url = {insights.ovid.com},
	shorttitle = {Attention and weight in person perception},
	pages = {889--906},
	number = {6},
	journaltitle = {Journal of Personality and Social Psychology},
	author = {Fiske, Susan},
	urldate = {2021-03-19},
	date = {1980-06}
}


@article{forstmann_ann_rev_2016,
	title = {Sequential {Sampling} {Models} in {Cognitive} {Neuroscience}: {Advantages}, {Applications}, and {Extensions}},
	volume = {67},
	shorttitle = {Sequential {Sampling} {Models} in {Cognitive} {Neuroscience}},
	url = {https://doi.org/10.1146/annurev-psych-122414-033645},
	doi = {10.1146/annurev-psych-122414-033645},
	number = {1},
	urldate = {2020-08-11},
	journal = {Annual Review of Psychology},
	author = {Forstmann, B.U. and Ratcliff, R. and Wagenmakers, E.-J.},
	year = {2016},
	pmid = {26393872},
	notes = {641--666},
}

@incollection{freeman_chapter_2020,
	title = {Chapter Five - Dynamic interactive theory as a domain-general account of social perception},
	volume = {61},
	url = {https://www.sciencedirect.com/science/article/pii/S0065260119300346},
	pages = {237--287},
	booktitle = {Advances in Experimental Social Psychology},
	publisher = {Academic Press},
	author = {Freeman, Jonathan B. and Stolier, Ryan M. and Brooks, Jeffrey A.},
	editor = {Gawronski, Bertram},
	urldate = {2021-04-05},
	date = {2020-01-01},
	langid = {english},
	doi = {10.1016/bs.aesp.2019.09.005},
	keywords = {Social cognition, Emotion, Person perception, Impression formation, Face perception, Social vision}
}


@article{freitas_origins_2017,
	title = {Origins of the Belief in Good True Selves},
	volume = {21},
	issn = {1364-6613, 1879-307X},
	url = {https://www.cell.com/trends/cognitive-sciences/abstract/S1364-6613(17)30110-9},
	doi = {10.1016/j.tics.2017.05.009},
	pages = {634--636},
	number = {9},
	journaltitle = {Trends in Cognitive Sciences},
	shortjournal = {Trends in Cognitive Sciences},
	author = {Freitas, Julian De and Cikara, Mina and Grossmann, Igor and Schlegel, Rebecca},
	urldate = {2020-07-23},
	date = {2017-09-01},
	pmid = {28601535},
	keywords = {self, true self, psychological essentialism}
}


@article{gantman_moral_2014,
	title = {The moral pop-out effect: Enhanced perceptual awareness of morally relevant stimuli},
	volume = {132},
	issn = {0010-0277},
	url = {http://www.sciencedirect.com/science/article/pii/S0010027714000328},
	doi = {10.1016/j.cognition.2014.02.007},
	shorttitle = {The moral pop-out effect},
	pages = {22--29},
	number = {1},
	journaltitle = {Cognition},
	shortjournal = {Cognition},
	author = {Gantman, Ana P. and Van Bavel, Jay J.},
	urldate = {2020-07-12},
	date = {2014-07-01},
	langid = {english},
	keywords = {Ambiguity, Awareness, Morality, Perception, Vision}
}

@article{gantman_exposure_2016,
	title = {Exposure to justice diminishes moral perception},
	volume = {145},
	issn = {1939-2222(Electronic),0096-3445(Print)},
	doi = {10.1037/xge0000241},
	pages = {1728--1739},
	number = {12},
	journaltitle = {Journal of Experimental Psychology: General},
	author = {Gantman, Ana P. and Van Bavel, Jay J.},
	date = {2016},
	keywords = {Motivation, Morality, Vocabulary, Signal Detection (Perception), Justice}
}


@article{gantman_see_2016,
	title = {See for {Yourself}: {Perception} {Is} {Attuned} to {Morality}},
	volume = {20},
	issn = {1364-6613, 1879-307X},
	shorttitle = {See for {Yourself}},
	url = {https://www.cell.com/trends/cognitive-sciences/abstract/S1364-6613(15)00287-9},
	doi = {10.1016/j.tics.2015.12.001},
	language = {English},
	number = {2},
	urldate = {2021-04-01},
	journal = {Trends in Cognitive Sciences},
	author = {Gantman, Ana P. and Bavel, Jay J. Van},
	month = feb,
	year = {2016},
	pmid = {26739539},
	note = {Publisher: Elsevier},
	pages = {76--77},
}

@article{gantman_moral_2015,
	title = {Moral {Perception}},
	volume = {19},
	issn = {1364-6613, 1879-307X},
	url = {https://www.cell.com/trends/cognitive-sciences/abstract/S1364-6613(15)00181-3},
	doi = {10.1016/j.tics.2015.08.004},
	language = {English},
	number = {11},
	urldate = {2023-01-13},
	journal = {Trends in Cognitive Sciences},
	author = {Gantman, Ana P. and Bavel, Jay J. Van},
	month = nov,
	year = {2015},
	pmid = {26440123},
	note = {Publisher: Elsevier},
	pages = {631--633},
}


@article{Goh_2016_mini,
   author = {Goh, Jin X. and Hall, Judith A. and Rosenthal, Robert},
   title = {Mini Meta-Analysis of Your Own Studies: Some Arguments on Why and a Primer on How},
   journal = {Social and Personality Psychology Compass},
   volume = {10},
   number = {10},
   pages = {535-549},
   ISSN = {1751-9004},
   DOI = {10.1111/spc3.12267},
   url = {http://dx.doi.org/10.1111/spc3.12267},
   year = {2016},
}


@article{golubickis_self-prioritization_2017,
	title = {Self-prioritization and perceptual matching: The effects of temporal construal},
	volume = {45},
	issn = {1532-5946},
	url = {https://doi.org/10.3758/s13421-017-0722-3},
	doi = {10.3758/s13421-017-0722-3},
	shorttitle = {Self-prioritization and perceptual matching},
	pages = {1223--1239},
	number = {7},
	journaltitle = {Memory \& Cognition},
	shortjournal = {Mem Cogn},
	author = {Golubickis, Marius and Falben, Johanna K. and Sahraie, Arash and Visokomogilski, Aleksandar and Cunningham, William A. and Sui, Jie and Macrae, C. Neil},
	urldate = {2020-06-14},
	date = {2017-10-01},
	langid = {english}
}


@incollection{haidt_morality_2010,
	edition = {5},
	title = {Morality},
	language = {en},
	urldate = {2023-05-05},
	booktitle = {Handbook of {Social} {Psychology}},
	publisher = {John Wiley \& Sons, Inc.},
	author = {Haidt, Jonathan and Kesebir, Selin},
	editor = {Fiske, Susan T. and Gilbert, Daniel T. and Lindzey, Gardner},
	month = jan,
	year = {2010},
	keywords = {ethics, morality, moral psychology, evolution, moral judgment, politics, emotions},
	pages = {797 -- 832},
}


@article{Hu_2020_goodme,
   author = {Hu, Chuan-Peng and Lan, Yuxuan and Macrae, C. Neil and Sui, Jie},
   title = {Good Me Bad Me: Does Valence Influence Self-Prioritization During Perceptual Decision-Making?},
   journal = {Collabra: Psychology},
   volume = {6},
   number = {1},
   pages = {20},
   DOI = {10.1525/collabra.301},
   url = {https://www.collabra.org/articles/10.1525/collabra.301/},
   year = {2020},
}


@article{juechems_where_2019,
	title = {Where Does Value Come From?},
	volume = {23},
	issn = {1364-6613},
	url = {http://www.sciencedirect.com/science/article/pii/S1364661319302001},
	doi = {10.1016/j.tics.2019.07.012},
	pages = {836--850},
	number = {10},
	journaltitle = {Trends in Cognitive Sciences},
	shortjournal = {Trends in Cognitive Sciences},
	author = {Juechems, Keno and Summerfield, Christopher},
	urldate = {2020-09-07},
	date = {2019-10-01},
	langid = {english},
	keywords = {goal-directed decision-making, homeostasis, medial prefrontal cortex, reinforcement learning, reward, value}
}


@article{jussim_interpretations_2016,
	series = {Rigorous and {Replicable} {Methods} in {Social} {Psychology}},
	title = {Interpretations and methods: {Towards} a more effectively self-correcting social psychology},
	volume = {66},
	issn = {0022-1031},
	shorttitle = {Interpretations and methods},
	url = {https://www.sciencedirect.com/science/article/pii/S0022103115300032},
	doi = {10.1016/j.jesp.2015.10.003},
	language = {en},
	urldate = {2022-11-30},
	journal = {Journal of Experimental Social Psychology},
	author = {Jussim, Lee and Crawford, Jarret T. and Anglin, Stephanie M. and Stevens, Sean T. and Duarte, Jose L.},
	month = sep,
	year = {2016},
	keywords = {Statistics, Research methods, Scientific integrity, Best practices, Interpretation},
	pages = {116--133},
}


@article{larsen_lexical_2006,
	title = {Lexical characteristics of words used in emotional {Stroop} experiments},
	volume = {6},
	issn = {1931-1516},
	doi = {10.1037/1528-3542.6.1.62},
	number = {1},
	journal = {Emotion},
	author = {Larsen, Randy J. and Mercer, Kimberly A. and Balota, David A.},
	year = {2006},
	note = {Place: US
Publisher: American Psychological Association},
	keywords = {Emotional Content, Experimentation, Lexical Decision, Stroop Effect, Word Recognition, Words (Phonetic Units)},
	pages = {62--72},
}


@article{lee_pre-existing_2021,
	title = {A pre-existing self-referential anchor is not necessary for self-prioritisation},
	volume = {219},
	issn = {0001-6918},
	doi = {10.1016/j.actpsy.2021.103362},
	language = {en},
	urldate = {2021-07-18},
	journal = {Acta Psychologica},
	author = {Lee, Naomi A. and Martin, Douglas and Sui, Jie},
	month = sep,
	year = {2021},
	keywords = {Self, Perceptual matching, Conjunction model, Integrative self, Self-prioritisation effect},
	pages = {103362},
}


@article{Liu_2020_JOPD,
   author = {Liu, Qinglan and Wang, Fei and Yan, Wenjin and Peng, Kaiping and Sui, Jie and Hu, Chuan-Peng},
   title = {Questionnaire Data from the Revision of a Chinese Version of Free Will and Determinism Plus Scale},
   journal = {Journal of Open Psychology Data},
   volume = {8},
   number = {1},
   pages = {1},
   DOI = {10.5334/jopd.49/},
   url = {http://doi.org/10.5334/jopd.49},
   year = {2020},
}


@article{lockwood_neural_2018,
	title = {Neural mechanisms for learning self and other ownership},
	volume = {9},
	copyright = {2018 The Author(s)},
	issn = {2041-1723},
	url = {https://www.nature.com/articles/s41467-018-07231-9},
	doi = {10.1038/s41467-018-07231-9},
	language = {en},
	number = {1},
	urldate = {2021-04-10},
	journal = {Nature Communications},
	author = {Lockwood, Patricia L. and Wittmann, Marco K. and Apps, Matthew A. J. and Klein-Flügge, Miriam C. and Crockett, Molly J. and Humphreys, Glyn W. and Rushworth, Matthew F. S.},
	month = nov,
	year = {2018},
	note = {Number: 1},
	pages = {4747},
}

@article{Ma_JEPHPP_2010,
	title = {Why we respond faster to the self than to others? {An} implicit positive association theory of self-advantage during implicit face recognition},
	volume = {36},
	issn = {1939-1277},
	shorttitle = {Why we respond faster to the self than to others?},
	doi = {10.1037/a0015797},
	journal = {Journal of Experimental Psychology: Human Perception and Performance},
	author = {Ma, Yina and Han, Shihui},
	year = {2010},
	note = {Place: US
Publisher: American Psychological Association},
	keywords = {Self-Perception, Face Perception, Positivism},
	pages = {619--633},
}


@article{makowski_indices_2019,
	title = {Indices of {Effect} {Existence} and {Significance} in the {Bayesian} {Framework}},
	volume = {10},
	issn = {1664-1078},
	url = {https://www.frontiersin.org/articles/10.3389/fpsyg.2019.02767/full},
	doi = {10.3389/fpsyg.2019.02767},
	language = {English},
	urldate = {2020-12-24},
	journal = {Frontiers in Psychology},
	author = {Makowski, Dominique and Ben-Shachar, Mattan S. and Chen, S. H. Annabel and Lüdecke, Daniel},
	year = {2019},
	keywords = {Bayesian, Bayes Factors, NHST, p-value, significance},
}

@article{makowski_bayestestr_2019,
	title = {{bayestestR}: {Describing} {Effects} and their {Uncertainty}, {Existence} and {Significance} within the {Bayesian} {Framework}},
	volume = {4},
	issn = {2475-9066},
	shorttitle = {{bayestestR}},
	url = {https://joss.theoj.org/papers/10.21105/joss.01541},
	doi = {10.21105/joss.01541},
	language = {en},
	number = {40},
	urldate = {2023-02-09},
	journal = {Journal of Open Source Software},
	author = {Makowski, Dominique and Ben-Shachar, Mattan S. and Lüdecke, Daniel},
	month = aug,
	year = {2019},
	pages = {1541},
}


@article{ohman_face_2001,
	title = {The face in the crowd revisited: a threat advantage with schematic stimuli},
	volume = {80},
	issn = {0022-3514},
	doi = {10.1037/0022-3514.80.3.381},
	shorttitle = {The face in the crowd revisited},
	pages = {381--396},
	number = {3},
	journaltitle = {Journal of Personality and Social Psychology},
	shortjournal = {J Pers Soc Psychol},
	author = {Ohman, A. and Lundqvist, D. and Esteves, F.},
	date = {2001-03},
	pmid = {11300573},
	keywords = {Emotions, Happiness, Attention, Female, Male, Humans, Sweden, Anger, Adult, Middle Aged, Reaction Time, Social Perception, Facial Expression, Analysis of Variance, Group Structure}
}


@article{pool_attentional_2016,
	title = {Attentional bias for positive emotional stimuli: {A} meta-analytic investigation},
	volume = {142},
	issn = {1939-1455(Electronic),0033-2909(Print)},
	shorttitle = {Attentional bias for positive emotional stimuli},
	doi = {10.1037/bul0000026},
	number = {1},
	journal = {Psychological Bulletin},
	author = {Pool, Eva and Brosch, Tobias and Delplanque, Sylvain and Sander, David},
	year = {2016},
	note = {Place: US
Publisher: American Psychological Association},
	keywords = {Attentional Bias, Emotions, Rewards},
	pages = {79--106},
}

@article{ratcliff_tics_2016,
	title = {Diffusion {Decision} {Model}: {Current} {Issues} and {History}},
	volume = {20},
	issn = {1364-6613, 1879-307X},
	shorttitle = {Diffusion {Decision} {Model}},
	url = {https://www.cell.com/trends/cognitive-sciences/abstract/S1364-6613(16)00025-5},
	doi = {10.1016/j.tics.2016.01.007},
	language = {English},
	number = {4},
	urldate = {2020-08-11},
	journal = {Trends in Cognitive Sciences},
	author = {Ratcliff, Roger and Smith, Philip L. and Brown, Scott D. and McKoon, Gail},
	month = apr,
	year = {2016},
	keywords = {optimality, diffusion model, response time, nonstationarity},
	pages = {260--281},
}

@article{Rouder_2005_BHM_SDT,
   author = {Rouder, Jeffrey N. and Lu, Jun},
   title = {An introduction to Bayesian hierarchical models with an application in the theory of signal detection},
   journal = {Psychonomic Bulletin & Review},
   volume = {12},
   number = {4},
   pages = {573-604},
   ISSN = {1531-5320},
   DOI = {10.3758/bf03196750},
   year = {2005},
}

@article{rousselet_reaction_2020,
	title = {Reaction times and other skewed distributions: problems with the mean and the median},
	volume = {4},
	url = {https://open.lnu.se/index.php/metapsychology/article/view/1630},
	doi = {10.15626/MP.2019.1630},
	journal = {Meta-Psychology},
	author = {Rousselet, Guillaume A and Wilcox, Rand R},
	month = may,
	year = {2020},
	keywords = {skewness},
}


@article{scheller_power_2022,
	title = {The power of the self: {Anchoring} information processing across contexts},
	volume = {48},
	issn = {1939-1277},
	shorttitle = {The power of the self},
	doi = {10.1037/xhp0001017},
	number = {9},
	journal = {Journal of Experimental Psychology: Human Perception and Performance},
	author = {Scheller, Meike and Sui, Jie},
	year = {2022},
	keywords = {Decision Making, Classification (Cognitive Process), Connotations, Social Adjustment},
	pages = {1001--1021},
}


@article{shadlen_decision_2016,
	title = {Decision {Making} and {Sequential} {Sampling} from {Memory}},
	volume = {90},
	issn = {0896-6273},
	url = {http://www.sciencedirect.com/science/article/pii/S0896627316301234},
	doi = {10.1016/j.neuron.2016.04.036},
	language = {en},
	number = {5},
	urldate = {2020-07-04},
	journal = {Neuron},
	author = {Shadlen, Michael N. and Shohamy, Daphna},
	month = jun,
	year = {2016},
	pages = {927--939},
}

@article{shore_social_2013,
	title = {Do social utility judgments influence attentional processing?},
	volume = {129},
	issn = {0010-0277},
	url = {https://www.sciencedirect.com/science/article/pii/S0010027713001236},
	doi = {10.1016/j.cognition.2013.06.011},
	pages = {114--122},
	number = {1},
	journaltitle = {Cognition},
	shortjournal = {Cognition},
	author = {Shore, Danielle M. and Heerey, Erin A.},
	urldate = {2021-03-05},
	date = {2013-10-01},
	langid = {english},
	keywords = {Attentional blink, Social judgments, Trustworthiness, Utility}
}

@article{Simmons_2013_life,
   author = {Simmons, Joseph P and Nelson, Leif D. and Simonsohn, Uri },
   year = {2013},
   title = {Life after P-Hacking},
   booktitle = {Meeting of the Society for Personality and Social Psychology},
   DOI = {10.2139/ssrn.2205186},
   url = {http://dx.doi.org/10.2139/ssrn.2205186},
   type = {Conference Proceedings}
}


@article{stanley_moral_2019,
	title = {Moral Memories and the Belief in the Good Self},
	volume = {28},
	issn = {0963-7214},
	url = {https://doi.org/10.1177/0963721419847990},
	doi = {10.1177/0963721419847990},
	pages = {387--391},
	number = {4},
	journaltitle = {Current Directions in Psychological Science},
	shortjournal = {Curr Dir Psychol Sci},
	author = {Stanley, Matthew L. and De Brigard, Felipe},
	urldate = {2020-07-23},
	date = {2019-08-01},
	langid = {english}
}


@article{stein_no_2017,
	title = {No impact of affective person knowledge on visual awareness: Evidence from binocular rivalry and continuous flash suppression},
	volume = {17},
	issn = {1931-1516(Electronic),1528-3542(Print)},
	doi = {10.1037/emo0000305},
	shorttitle = {No impact of affective person knowledge on visual awareness},
	pages = {1199--1207},
	number = {8},
	journaltitle = {Emotion},
	author = {Stein, Timo and Grubb, Caitlyn and Bertrand, Maria and Suh, Seh Min and Verosky, Sara C.},
	date = {2017},
	note = {Place: {US}
Publisher: American Psychological Association},
	keywords = {Awareness, Emotion Recognition, Face Perception, Visual Perception}
}

@article{strohminger_true_2017,
	title = {The {True} {Self}: {A} {Psychological} {Concept} {Distinct} {From} the {Self}},
	volume = {12},
	issn = {1745-6916},
	shorttitle = {The {True} {Self}},
	url = {https://doi.org/10.1177/1745691616689495},
	doi = {10.1177/1745691616689495},
	language = {en},
	number = {4},
	urldate = {2023-06-14},
	journal = {Perspectives on Psychological Science},
	author = {Strohminger, Nina and Knobe, Joshua and Newman, George},
	month = jul,
	year = {2017},
	note = {Publisher: SAGE Publications Inc},
	pages = {551--560},
}

@article{sui_electrophysiological_2023,
	title = {Electrophysiological correlates of self-prioritization},
	volume = {108},
	issn = {1053-8100},
	url = {https://www.sciencedirect.com/science/article/pii/S1053810023000120},
	doi = {10.1016/j.concog.2023.103475},
	language = {en},
	urldate = {2023-02-01},
	journal = {Consciousness and Cognition},
	author = {Sui, Jie and He, Xun and Golubickis, Marius and Svensson, Saga L. and Neil Macrae, C.},
	month = feb,
	year = {2023},
	keywords = {EEG, Self, Drift diffusion model, Decision-making, Self-prioritization, Shape-label matching task, N1, 3},
	pages = {103475},
}

@article{Sui_2012_JEPHPP,
   author = {Sui, Jie and He, Xun  and Humphreys, Glyn W. },
   title = {Perceptual effects of social salience: Evidence from self-prioritization effects on perceptual matching},
   journal = {Journal of Experimental Psychology: Human Perception and Performance},
   volume = {38},
   number = {5},
   pages = {1105-17},
   ISSN = {1939-1277(Electronic);0096-1523(Print)},
   DOI = {10.1037/a0029792},
   url = {http://www.ncbi.nlm.nih.gov/pubmed/22963229},
   year = {2012},
}


@article{sui_boundaries_2013,
	title = {The boundaries of self face perception: {Response} time distributions, perceptual categories, and decision weighting},
	volume = {21},
	issn = {1350-6285},
	shorttitle = {The boundaries of self face perception},
	url = {https://doi.org/10.1080/13506285.2013.800621},
	doi = {10.1080/13506285.2013.800621},
	number = {4},
	urldate = {2023-06-29},
	journal = {Visual Cognition},
	author = {Sui, Jie and Humphreys, Glyn W.},
	month = apr,
	year = {2013},
	keywords = {Face categorization, Reaction time distribution, Self-perception},
	pages = {415--445},
}


@article{sui_more_2015,
	title = {More of me! {Distinguishing} self and reward bias using redundancy gains},
	volume = {77},
	issn = {1943-393X},
	url = {https://doi.org/10.3758/s13414-015-0970-x},
	doi = {10.3758/s13414-015-0970-x},
	language = {en},
	number = {8},
	urldate = {2023-06-29},
	journal = {Attention, Perception, \& Psychophysics},
	author = {Sui, Jie and Humphreys, Glyn W.},
	month = nov,
	year = {2015},
	keywords = {Redundancy gain, Reward bias, Self bias},
	pages = {2549--2561},
}

@article{sui_tics_2015,
	title = {The {Integrative} {Self}: {How} {Self}-{Reference} {Integrates} {Perception} and {Memory}},
	volume = {19},
	issn = {1364-6613},
	shorttitle = {The {Integrative} {Self}},
	url = {https://www.sciencedirect.com/science/article/pii/S1364661315002065},
	doi = {10.1016/j.tics.2015.08.015},
	language = {en},
	number = {12},
	urldate = {2021-12-06},
	journal = {Trends in Cognitive Sciences},
	author = {Sui, Jie and Humphreys, Glyn W.},
	month = dec,
	year = {2015},
	keywords = {decision-making, memory, perception, self-reference},
	pages = {719--728},
}

@article{sui_self_attention_2019,
	series = {Attention \& {Perception}},
	title = {Self-prioritization and the attentional systems},
	volume = {29},
	issn = {2352-250X},
	url = {https://www.sciencedirect.com/science/article/pii/S2352250X18301982},
	doi = {10.1016/j.copsyc.2019.02.010},
	language = {en},
	urldate = {2021-12-23},
	journal = {Current Opinion in Psychology},
	author = {Sui, Jie and Rotshtein, Pia},
	month = oct,
	year = {2019},
	pages = {148--152},
}


@incollection{unkelbach_chapter_2020,
	title = {Chapter Three - Negativity bias, positivity bias, and valence asymmetries: Explaining the differential processing of positive and negative information},
	volume = {62},
	url = {https://www.sciencedirect.com/science/article/pii/S0065260120300150},
	shorttitle = {Chapter Three - Negativity bias, positivity bias, and valence asymmetries},
	pages = {115--187},
	booktitle = {Advances in Experimental Social Psychology},
	publisher = {Academic Press},
	author = {Unkelbach, Christian and Alves, Hans and Koch, Alex},
	editor = {Gawronski, Bertram},
	urldate = {2021-04-05},
	date = {2020-01-01},
	langid = {english},
	doi = {10.1016/bs.aesp.2020.04.005},
	keywords = {Social cognition, Negativity bias, Information ecology, Positivity bias, Valence asymmetries}
}

@article{xiao_perceiving_2016,
	title = {Perceiving the World Through Group-Colored Glasses: A Perceptual Model of Intergroup Relations},
	volume = {27},
	issn = {1047-840X},
	url = {https://doi.org/10.1080/1047840X.2016.1199221},
	doi = {10.1080/1047840X.2016.1199221},
	shorttitle = {Perceiving the World Through Group-Colored Glasses},
	pages = {255--274},
	number = {4},
	journaltitle = {Psychological Inquiry},
	author = {Xiao, Y. Jenny and Coppin, GÃ©raldine and Bavel, Jay J. Van},
	urldate = {2020-09-07},
	date = {2016-10-01}
}


@article{yaoi_does_2021,
	title = {Does {Implicit} {Self}-{Reference} {Effect} {Occur} by the {Instantaneous} {Own}-{Name}?},
	volume = {12},
	issn = {1664-1078},
	url = {https://www.frontiersin.org/article/10.3389/fpsyg.2021.709601},
	doi = {10.3389/fpsyg.2021.709601},
	urldate = {2021-11-27},
	journal = {Frontiers in Psychology},
	author = {Yaoi, Ken and Osaka, Mariko and Osaka, Naoyuki},
	year = {2021},
	pages = {4440},
}


@article{ybarra_young_2001,
	title = {Young and old adults' concerns about morality and competence},
	volume = {25},
	issn = {1573-6644},
	doi = {10.1023/A:1010633908298},
	journal = {Motivation and Emotion},
	author = {Ybarra, Oscar and Chan, Emily and Park, Denise},
	year = {2001},
	note = {Place: Germany
Publisher: Springer},
	keywords = {Age Differences, Competence, Cues, Morality, Reaction Time, Sensitivity (Personality), Time On Task},
	pages = {85--100},
}



@article{Brainard_1997,
   author = {Brainard, David H},
   title = {The psychophysics toolbox},
   journal = {Spatial Vision},
   volume = {10},
   number = {4},
   pages = {433-436},
   ISSN = {0169-1015},
   year = {1997},
}

@article{Pelli_1997,
   author = {Pelli, Denis G},
   title = {The VideoToolbox software for visual psychophysics: Transforming numbers into movies},
   journal = {Spatial vision},
   volume = {10},
   number = {4},
   pages = {437-442},
   ISSN = {0169-1015},
   year = {1997},
}


@article{Stanislaw_Todorov_1999,
   author = {Stanislaw, Harold and Todorov, Natasha},
   title = {Calculation of signal detection theory measures},
   journal = {Behavior Research Methods, Instruments, & Computers},
   volume = {31},
   number = {1},
   pages = {137-149},
   ISSN = {1532-5970},
   DOI = {10.3758/BF03207704},
   url = {https://doi.org/10.3758/BF03207704
https://link.springer.com/content/pdf/10.3758/BF03207704.pdf},
   year = {1999},
}

@article{DeCarlo_1998,
   author = {DeCarlo, Lawrence T.},
   title = {Signal detection theory and generalized linear models},
   journal = {Psychological Methods},
   volume = {3},
   number = {2},
   pages = {186-205},
   ISSN = {1939-1463(Electronic),1082-989X(Print)},
   DOI = {10.1037/1082-989X.3.2.186},
   year = {1998},
}



@article{Krueger_1978,
   author = {Krueger, L. E.},
   title = {A theory of perceptual matching},
   journal = {Psychological Review},
   volume = {85},
   number = {4},
   DOI = {10.1037/0033-295X.85.4.278},
   year = {1978},
   pages = {278--304},
   type = {Journal Article}
}

@article{Farell_1985,
   author = {Farell, Bart},
   title = {"Same"-"different" judgments: A review of current controversies in perceptual comparisons},
   journal = {Psychological Bulletin},
   volume = {98},
   number = {3},
   DOI = {10.1037/0033-2909.98.3.419},
   year = {1985},
   pages = {419-456},
   type = {Journal Article}
}

@aticle{Spruyt_de_Houwer_2017,
   author = {Adriaan Spruyt and Jan De Houwer},
   title = {On the Automaticity of Relational Stimulus Processing: The (Extrinsic) Relational Simon Task},
   journal = {PLoS One},
   volume = {12},
   number = {10},
   DOI = {10.1371/journal.pone.0186606},
   year = {2017},
   pages = {e0186606},
}

@article{van_zandt_comparison_2000,
	title = {A comparison of two response time models applied to perceptual matching},
	volume = {7},
	issn = {1531-5320},
	url = {https://doi.org/10.3758/BF03212980},
	doi = {10.3758/BF03212980},
	pages = {208--256},
	number = {2},
	journaltitle = {Psychonomic Bulletin \& Review},
	shortjournal = {Psychonomic Bulletin \& Review},
	author = {Van Zandt, Trisha and Colonius, Hans and Proctor, Robert W.},
	urldate = {2020-06-07},
	date = {2000-06-01},
	langid = {english}
}


@article{wiecki_hddm_2013,
	title = {{HDDM}: Hierarchical Bayesian estimation of the Drift-Diffusion Model in Python},
	volume = {7},
	url = {https://www.readcube.com/articles/10.3389%2Ffninf.2013.00014},
	doi = {10.3389/fninf.2013.00014},
	shorttitle = {{HDDM}},
	journaltitle = {Frontiers in Neuroinformatics},
	author = {Wiecki, Thomas V. and Sofer, Imri and Frank, Michael J.},
	urldate = {2020-06-11},
	date = {2013},
	langid = {english}
}

@article{matzke_psychological_2009,
	title = {Psychological interpretation of the ex-Gaussian and shifted Wald parameters: A diffusion model analysis},
	volume = {16},
	issn = {1531-5320},
	url = {https://doi.org/10.3758/PBR.16.5.798},
	doi = {10.3758/PBR.16.5.798},
	shorttitle = {Psychological interpretation of the ex-Gaussian and shifted Wald parameters},
	pages = {798--817},
	number = {5},
	journaltitle = {Psychonomic Bulletin \& Review},
	shortjournal = {Psychonomic Bulletin \& Review},
	author = {Matzke, Dora and Wagenmakers, Eric-Jan},
	urldate = {2020-07-13},
	date = {2009-10-01},
	langid = {english}
}


@article{golubickis_valence_2019,
	title = {Valence and ownership: object desirability influences self-prioritization},
	rights = {2019 Springer-Verlag {GmbH} Germany, part of Springer Nature},
	issn = {1430-2772},
	url = {https://link.springer.com/article/10.1007/s00426-019-01235-w},
	doi = {10.1007/s00426-019-01235-w},
	shorttitle = {Valence and ownership},
	pages = {1--10},
	journaltitle = {Psychological Research},
	shortjournal = {Psychological Research},
	author = {Golubickis, Marius and Ho, Nerissa S. P. and FalbÃ©n, Johanna K. and Schwertel, Carlotta L. and Maiuri, Alessia and Dublas, Dagmara and Cunningham, William A. and Macrae, C. Neil},
	urldate = {2020-06-14},
	date = {2019-08-01},
	langid = {english}
}

@article{reuther_does_2017,
	title = {Does self-prioritization affect perceptual processes?},
	volume = {25},
	issn = {1350-6285},
	url = {https://doi.org/10.1080/13506285.2017.1323813},
	doi = {10.1080/13506285.2017.1323813},
	pages = {381--398},
	number = {1},
	journaltitle = {Visual Cognition},
	author = {Reuther, Josephine and Chakravarthi, Ramakrishna},
	urldate = {2020-06-14},
	date = {2017-03-16},
	keywords = {Associative learning, memory, perception, self-prioritization, self-reference},
}


@article{faul_statistical_2009,
	title = {Statistical power analyses using G*Power 3.1: Tests for correlation and regression analyses},
	volume = {41},
	issn = {1554-3528},
	url = {https://doi.org/10.3758/BRM.41.4.1149},
	doi = {10.3758/BRM.41.4.1149},
	shorttitle = {Statistical power analyses using G*Power 3.1},
	pages = {1149--1160},
	number = {4},
	journaltitle = {Behavior Research Methods},
	shortjournal = {Behavior Research Methods},
	author = {Faul, Franz and Erdfelder, Edgar and Buchner, Axel and Lang, Albert-Georg},
	urldate = {2020-08-11},
	date = {2009-11-01},
	langid = {english}
}

@article{mcneish_thinking_2020,
	title = {Thinking twice about sum scores},
	issn = {1554-3528},
	url = {https://doi.org/10.3758/s13428-020-01398-0},
	doi = {10.3758/s13428-020-01398-0},
	journaltitle = {Behavior Research Methods},
	shortjournal = {Behav Res},
	author = {{McNeish}, Daniel and Wolf, Melissa Gordon},
	urldate = {2020-08-20},
	date = {2020-04-22},
	langid = {english}
}

@article{Brady_mad_2020,
	title = {The {MAD} Model of Moral Contagion: The Role of Motivation, Attention, and Design in the Spread of Moralized Content Online},
	volume = {15},
	issn = {1745-6916},
	url = {https://doi.org/10.1177/1745691620917336},
	doi = {10.1177/1745691620917336},
	shorttitle = {The {MAD} Model of Moral Contagion},
	pages = {978--1010},
	number = {4},
	journaltitle = {Perspectives on Psychological Science},
	shortjournal = {Perspect Psychol Sci},
	author = {Brady, William J. and Crockett, M. J. and Van Bavel, Jay J.},
	urldate = {2020-09-07},
	date = {2020-07-01},
	langid = {english}
}

@article{brady_attentional_2020,
	title = {Attentional capture helps explain why moral and emotional content go viral},
	volume = {149},
	issn = {1939-2222(Electronic),0096-3445(Print)},
	doi = {10.1037/xge0000673},
	pages = {746--756},
	number = {4},
	journaltitle = {Journal of Experimental Psychology: General},
	author = {Brady, William J. and Gantman, Ana P. and Van Bavel, Jay J.},
	date = {2020},
	keywords = {Attentional Capture, Discourse Analysis, Emotional Content, Morality, Online Social Networks, Physiological Arousal, Social Media, Test Construction, Visual Attention}
}


@article{shadlen_decision_2013,
	title = {Decision Making as a Window on Cognition},
	volume = {80},
	issn = {0896-6273},
	url = {https://www.cell.com/neuron/abstract/S0896-6273(13)00999-9},
	doi = {10.1016/j.neuron.2013.10.047},
	pages = {791--806},
	number = {3},
	journaltitle = {Neuron},
	shortjournal = {Neuron},
	author = {Shadlen, Michael N. and Kiani, Roozbeh},
	urldate = {2020-07-04},
	date = {2013-10-30},
	pmid = {24183028}
}


@article{stolier_functional_2016,
	title = {Functional and Temporal Considerations for Top-Down Influences in Social Perception},
	volume = {27},
	issn = {1047-840X},
	url = {https://doi.org/10.1080/1047840X.2016.1216034},
	doi = {10.1080/1047840X.2016.1216034},
	pages = {352--357},
	number = {4},
	journaltitle = {Psychological Inquiry},
	author = {Stolier, Ryan M. and Freeman, Jonathan B.},
	urldate = {2020-09-07},
	date = {2016-10-01}
}



@article{descioli_side_taking_2016,
	title = {The side-taking hypothesis for moral judgment},
	volume = {7},
	issn = {2352-250X},
	url = {http://www.sciencedirect.com/science/article/pii/S2352250X15001700},
	doi = {10.1016/j.copsyc.2015.07.002},
	series = {Evolutionary psychology},
	pages = {23--27},
	journaltitle = {Current Opinion in Psychology},
	shortjournal = {Current Opinion in Psychology},
	author = {{DeScioli}, Peter},
	urldate = {2020-09-08},
	date = {2016-02-01}
}




@article{zhang_authentic_2019,
	title = {The Authentic Moral Self: Dynamic Interplay between Perceived Authenticity and Moral Behaviors in the Workplace},
	volume = {5},
	issn = {2474-7394},
	url = {http://www.collabra.org/articles/10.1525/collabra.260/},
	doi = {10.1525/collabra.260},
	shorttitle = {The Authentic Moral Self},
	abstract = {Article: The Authentic Moral Self: Dynamic Interplay between Perceived Authenticity and Moral Behaviors in the Workplace},
	pages = {48},
	number = {1},
	journaltitle = {Collabra: Psychology},
	author = {Zhang, Hong and Chen, Kaiyuan and Schlegel, Rebecca and Hicks, Joshua and Chen, Changkai},
	urldate = {2020-07-23},
	date = {2019-10-17}
}


@article{gilbert_top-down_2013,
	title = {Top-down influences on visual processing},
	volume = {14},
	rights = {2013 Nature Publishing Group, a division of Macmillan Publishers Limited. All Rights Reserved.},
	issn = {1471-0048},
	url = {https://www.nature.com/articles/nrn3476},
	doi = {10.1038/nrn3476},
	pages = {350--363},
	number = {5},
	journaltitle = {Nature Reviews Neuroscience},
	author = {Gilbert, Charles D. and Li, Wu},
	urldate = {2020-09-20},
	date = {2013-05},
	langid = {english}
}


@article{bruner_perceptual_1957,
	title = {On perceptual readiness},
	volume = {64},
	issn = {1939-1471(Electronic),0033-295X(Print)},
	doi = {10.1037/h0043805},
	pages = {123--152},
	number = {2},
	journaltitle = {Psychological Review},
	author = {Bruner, Jerome S.},
	date = {1957},
	keywords = {Activities of Daily Living, Cognitive Ability, Defense Mechanisms}
}


@article{freeman_dynamic_2011,
	title = {A dynamic interactive theory of person construal.},
	volume = {118},
	issn = {1939-1471, 0033-295X},
	url = {http://doi.apa.org/getdoi.cfm?doi=10.1037/a0022327},
	doi = {10.1037/a0022327},
	pages = {247--279},
	number = {2},
	journaltitle = {Psychological Review},
	shortjournal = {Psychological Review},
	author = {Freeman, Jonathan B. and Ambady, Nalini},
	urldate = {2020-09-09},
	date = {2011},
	langid = {english}
}

@article{amodio_social_2019,
	title = {Social Cognition 2.0: An Interactive Memory Systems Account},
	volume = {23},
	issn = {1364-6613, 1879-307X},
	url = {https://www.cell.com/trends/cognitive-sciences/abstract/S1364-6613(18)30235-3},
	doi = {10.1016/j.tics.2018.10.002},
	shorttitle = {Social Cognition 2.0},
	pages = {21--33},
	number = {1},
	journaltitle = {Trends in Cognitive Sciences},
	shortjournal = {Trends in Cognitive Sciences},
	author = {Amodio, David M.},
	urldate = {2020-07-20},
	date = {2019-01-01},
	pmid = {30466793},
	note = {Publisher: Elsevier},
	keywords = {memory, learning, social cognition, attitudes, implicit, neuroscience}
}


@article{verosky_differential_2010,
	title = {Differential neural responses to faces physically similar to the self as a function of their valence},
	volume = {49},
	issn = {1053-8119},
	url = {http://www.sciencedirect.com/science/article/pii/S105381190901088X},
	doi = {10.1016/j.neuroimage.2009.10.017},
	pages = {1690--1698},
	number = {2},
	journaltitle = {{NeuroImage}},
	shortjournal = {{NeuroImage}},
	author = {Verosky, Sara C. and Todorov, Alexander},
	urldate = {2020-09-29},
	date = {2010-01-15},
	langid = {english}
}


@article{goodwin_moral_2014,
	title = {Moral character predominates in person perception and evaluation},
	volume = {106},
	issn = {1939-1315},
	doi = {10.1037/a0034726},
	pages = {148--168},
	number = {1},
	journaltitle = {Journal of Personality and Social Psychology},
	shortjournal = {J Pers Soc Psychol},
	author = {Goodwin, Geoffrey P. and Piazza, Jared and Rozin, Paul},
	date = {2014-01},
	pmid = {24274087},
	keywords = {Adult, Character, Female, Humans, Interpersonal Relations, Male, Middle Aged, Morals, Social Perception, Young Adult}
}

@article{goodwin_moral_2015,
	title = {Moral Character in Person Perception},
	volume = {24},
	issn = {0963-7214},
	url = {https://doi.org/10.1177/0963721414550709},
	doi = {10.1177/0963721414550709},
	pages = {38--44},
	number = {1},
	journaltitle = {Current Directions in Psychological Science},
	shortjournal = {Curr Dir Psychol Sci},
	author = {Goodwin, Geoffrey P.},
	urldate = {2020-09-29},
	date = {2015-02-01},
	langid = {english}
}


@article{tappin_illusion_2017,
	title = {The Illusion of Moral Superiority},
	volume = {8},
	issn = {1948-5506},
	url = {https://doi.org/10.1177/1948550616673878},
	doi = {10.1177/1948550616673878},
	pages = {623--631},
	number = {6},
	journaltitle = {Social Psychological and Personality Science},
	shortjournal = {Social Psychological and Personality Science},
	author = {Tappin, Ben M. and {McKay}, Ryan T.},
	urldate = {2020-09-29},
	date = {2017-08-01},
	langid = {english},
	note = {Publisher: {SAGE} Publications Inc}
}

@article{abele_agency_2007,
	title = {Agency and communion from the perspective of self versus others},
	volume = {93},
	issn = {1939-1315(Electronic),0022-3514(Print)},
	doi = {10.1037/0022-3514.93.5.751},
	pages = {751--763},
	number = {5},
	journaltitle = {Journal of Personality and Social Psychology},
	author = {Abele, Andrea E. and Wojciszke, Bogdan},
	date = {2007},
	note = {Place: {US}
Publisher: American Psychological Association},
	keywords = {Agency, Attribution, Independence (Personality), Judgment, Self-Perception, Social Behavior, Social Cognition, Social Perception}
}



@article{abele_navigating_2020,
	title = {Navigating the social world: Toward an integrated framework for evaluating self, individuals, and groups},
	issn = {1939-1471(Electronic),0033-295X(Print)},
	doi = {10.1037/rev0000262},
	shorttitle = {Navigating the social world},
	journaltitle = {Psychological Review},
	author = {Abele, Andrea E. and Ellemers, Naomi and Fiske, Susan T. and Koch, Alex and Yzerbyt, Vincent},
	date = {2020}
}

@article{dzhelyova_temporal_2012,
	title = {Temporal dynamics of trustworthiness perception},
	volume = {1435},
	issn = {0006-8993},
	url = {http://www.sciencedirect.com/science/article/pii/S0006899311021317},
	doi = {10.1016/j.brainres.2011.11.043},
	pages = {81--90},
	journaltitle = {Brain Research},
	shortjournal = {Brain Research},
	author = {Dzhelyova, Milena and Perrett, David I. and Jentzsch, Ines},
	urldate = {2020-09-29},
	date = {2012-01-30},
	langid = {english},
	keywords = {N170, P1, Posterior-occipital negativity, Trustworthiness perception}
}



@article{willis_first_2006,
	title = {First Impressions: Making Up Your Mind After a 100-Ms Exposure to a Face},
	volume = {17},
	issn = {0956-7976},
	url = {https://doi.org/10.1111/j.1467-9280.2006.01750.x},
	doi = {10.1111/j.1467-9280.2006.01750.x},
	shorttitle = {First Impressions},
	pages = {592--598},
	number = {7},
	journaltitle = {Psychological Science},
	shortjournal = {Psychol Sci},
	author = {Willis, Janine and Todorov, Alexander},
	urldate = {2020-10-18},
	date = {2006-07-01},
	langid = {english}
}

@article{reicher_perception_2016,
	title = {Perception, Action, and the Social Dynamics of the Variable Self},
	volume = {27},
	issn = {1047-840X},
	url = {https://doi.org/10.1080/1047840X.2016.1217584},
	doi = {10.1080/1047840X.2016.1217584},
	pages = {341--347},
	number = {4},
	journaltitle = {Psychological Inquiry},
	author = {Reicher, Stephen and Hopkins, Nick},
	urldate = {2020-09-19},
	date = {2016-10-01}
}


@article{enock_overlap_2020,
	title = {Overlap in processing advantages for minimal ingroups and the self},
	volume = {10},
	rights = {2020 The Author(s)},
	issn = {2045-2322},
	url = {https://www.nature.com/articles/s41598-020-76001-9},
	doi = {10.1038/s41598-020-76001-9},
	pages = {18933},
	number = {1},
	journaltitle = {Scientific Reports},
	author = {Enock, Florence E. and Hewstone, Miles R. C. and Lockwood, Patricia L. and Sui, Jie},
	urldate = {2020-11-05},
	date = {2020-11-03},
	langid = {english},
	note = {Number: 1
Publisher: Nature Publishing Group}
}


@article{hofmann_morality_2014,
	title = {Morality in everyday life},
	volume = {345},
	rights = {Copyright Â© 2014, American Association for the Advancement of Science},
	issn = {0036-8075, 1095-9203},
	url = {https://science.sciencemag.org/content/345/6202/1340},
	doi = {10.1126/science.1251560},
	pages = {1340--1343},
	number = {6202},
	journaltitle = {Science},
	author = {Hofmann, Wilhelm and Wisneski, Daniel C. and Brandt, Mark J. and Skitka, Linda J.},
	urldate = {2020-10-24},
	date = {2014-09-12},
	langid = {english},
	pmid = {25214626}
}

@incollection{monin_dynamic_2009,
	location = {New York, {NY}, {US}},
	title = {The dynamic moral self: A social psychological perspective},
	isbn = {978-0-521-71927-8 978-0-521-89507-1 978-0-511-59070-2},
	shorttitle = {The dynamic moral self},
	pages = {341--354},
	booktitle = {Personality, identity, and character: Explorations in moral psychology},
	publisher = {Cambridge University Press},
	author = {Monin, BenoÃ®t and Jordan, Alexander H.},
	date = {2009},
	doi = {10.1017/CBO9780511627125.016},
	keywords = {Morality, Personality, Self-Concept, Self-Esteem, Self-Regard, Social Behavior, Social Psychology, Social Values}
}


@article{klein_maybe_2016,
	title = {Maybe holier, but definitely less evil, than you: Bounded self-righteousness in social judgment},
	volume = {110},
	issn = {1939-1315(Electronic),0022-3514(Print)},
	doi = {10.1037/pspa0000050},
	shorttitle = {Maybe holier, but definitely less evil, than you},
	pages = {660--674},
	number = {5},
	journaltitle = {Journal of Personality and Social Psychology},
	author = {Klein, Nadav and Epley, Nicholas},
	date = {2016},
	note = {Place: {US}
Publisher: American Psychological Association},
	keywords = {Egocentrism, Judgment, Morality, Self-Esteem, Self-Evaluation, Social Cognition}
}


@article{henrich_weirdest_2010,
	title = {The weirdest people in the world?},
	volume = {33},
	issn = {1469-1825, 0140-525X},
	doi = {10.1017/S0140525X0999152X},
	pages = {61--83},
	number = {2},
	journaltitle = {Behavioral and Brain Sciences},
	author = {Henrich, Joseph and Heine, Steven J. and Norenzayan, Ara},
	urldate = {2020-09-18},
	date = {2010-06},
	langid = {english},
	note = {Publisher: Cambridge University Press},
	keywords = {culture, evolutionary psychology, behavioral economics, experiments, external validity, generalizability, cross-cultural research, cultural psychology, human universals, population variability}
}





@book{turner_rediscovering_1987,
	location = {Cambridge, {MA}, {US}},
	title = {Rediscovering the social group:  A self-categorization theory},
	isbn = {978-0-631-14806-7},
	series = {Rediscovering the social group:  A self-categorization theory},
	shorttitle = {Rediscovering the social group},
	pagetotal = {x, 239},
	publisher = {Basil Blackwell},
	author = {Turner, John C. and Hogg, Michael A. and Oakes, Penelope J. and Reicher, Stephen D. and Wetherell, Margaret S.},
	date = {1987},
	note = {Pages: x, 239},
	keywords = {Social Identity, Social Groups, Social Psychology, Social Behavior, Collective Behavior, Group Cohesion, Social Influences}
}

@article{turner_self_1994,
	title = {Self and Collective: Cognition and Social Context},
	volume = {20},
	issn = {0146-1672},
	url = {https://doi.org/10.1177/0146167294205002},
	doi = {10.1177/0146167294205002},
	shorttitle = {Self and Collective},
	pages = {454--463},
	number = {5},
	journaltitle = {Personality and Social Psychology Bulletin},
	shortjournal = {Pers Soc Psychol Bull},
	author = {Turner, John C. and Oakes, Penelope J. and Haslam, S. Alexander and {McGarty}, Craig},
	urldate = {2020-10-18},
	date = {1994-10-01},
	langid = {english},
	note = {Publisher: {SAGE} Publications Inc}
}


@aticle{uhlmann_person-centered_2015,
	title = {A Person-Centered Approach to Moral Judgment:},
	rights = {Â© The Author(s) 2014},
	url = {https://journals.sagepub.com/doi/10.1177/1745691614556679},
	doi = {10.1177/1745691614556679},
	shorttitle = {A Person-Centered Approach to Moral Judgment},
	journaltitle = {Perspectives on Psychological Science},
	author = {Uhlmann, Eric Luis and Pizarro, David A. and Diermeier, Daniel},
	urldate = {2020-10-27},
	date = {2015-01-14},
	langid = {english},
	note = {Publisher: {SAGE} {PublicationsSage} {CA}: Los Angeles, {CA}}
}


@article{dunmchugh_moral_2021,
	title = {Moral {Judgment} as {Categorization} ({MJAC})},
	issn = {1745-6916},
	url = {https://doi.org/10.1177/1745691621990636},
	doi = {10.1177/1745691621990636},
	language = {en},
	urldate = {2021-07-16},
	journal = {Perspectives on Psychological Science},
	author = {McHugh, Cillian and McGann, Marek and Igou, Eric R. and Kinsella, Elaine L.},
	month = jul,
	year = {2021},
	note = {Publisher: SAGE Publications Inc},
	keywords = {morality, categorization, moral judgments, category formation},
	pages = {1745691621990636},
	file = {SAGE PDF Full Text:/home/hcp4715/Zotero/storage/Y2NFA9H5/McHugh et al. - 2021 - Moral Judgment as Categorization (MJAC).pdf:application/pdf},
}

@article{lea_childrens_2020,
	title = {Children's and adults' understanding of punishment and the criminal justice system},
	volume = {87},
	issn = {0022-1031},
	url = {http://www.sciencedirect.com/science/article/pii/S0022103119304494},
	doi = {10.1016/j.jesp.2019.103913},
	pages = {103913},
	journaltitle = {Journal of Experimental Social Psychology},
	shortjournal = {Journal of Experimental Social Psychology},
	author = {Dunlea, James P. and Heiphetz, Larisa},
	urldate = {2020-10-27},
	date = {2020-03-01},
	langid = {english},
	keywords = {Explanation, Incarceration, Morality, Punishment, Social cognitive development}
}


@aticle{hester_moral_2020,
	title = {The Moral Psychology of Raceless, Genderless Strangers},
	volume = {15},
	issn = {1745-6916},
	url = {https://doi.org/10.1177/1745691619885840},
	doi = {10.1177/1745691619885840},
	pages = {216--230},
	number = {2},
	journaltitle = {Perspectives on Psychological Science},
	shortjournal = {Perspect Psychol Sci},
	author = {Hester, Neil and Gray, Kurt},
	urldate = {2020-09-09},
	date = {2020-03-01},
	langid = {english},
	note = {Publisher: {SAGE} Publications Inc}
}


@article{krause_can_2020,
	title = {Can Bad Be Good? The Attraction of a Darker Self},
	volume = {31},
	issn = {0956-7976},
	url = {https://doi.org/10.1177/0956797620909742},
	doi = {10.1177/0956797620909742},
	shorttitle = {Can Bad Be Good?},
	pages = {518--530},
	number = {5},
	journaltitle = {Psychological Science},
	shortjournal = {Psychol Sci},
	author = {Krause, Rebecca J. and Rucker, Derek D.},
	urldate = {2020-10-28},
	date = {2020-05-01},
	langid = {english},
	note = {Publisher: {SAGE} Publications Inc}
}


@article{waytz_whistleblowers_2013,
	title = {The whistleblower's dilemma and the fairness-loyalty tradeoff},
	volume = {49},
	issn = {00221031},
	url = {https://linkinghub.elsevier.com/retrieve/pii/S0022103113001352},
	doi = {10.1016/j.jesp.2013.07.002},
	pages = {1027--1033},
	number = {6},
	journaltitle = {Journal of Experimental Social Psychology},
	shortjournal = {Journal of Experimental Social Psychology},
	author = {Waytz, Adam and Dungan, James and Young, Liane},
	urldate = {2020-10-29},
	date = {2013-11},
	langid = {english}
}

@article{ellemers_psychology_2019,
	title = {The Psychology of Morality: A Review and Analysis of Empirical Studies Published From 1940 Through 2017},
	volume = {23},
	issn = {1088-8683},
	url = {https://doi.org/10.1177/1088868318811759},
	doi = {10.1177/1088868318811759},
	shorttitle = {The Psychology of Morality},
	pages = {332--366},
	number = {4},
	journaltitle = {Personality and Social Psychology Review},
	shortjournal = {Pers Soc Psychol Rev},
	author = {Ellemers, Naomi and van der Toorn, Jojanneke and Paunov, Yavor and van Leeuwen, Thed},
	urldate = {2020-11-03},
	date = {2019-11-01},
	langid = {english},
	note = {Publisher: {SAGE} Publications Inc}
}

@article{van_der_lee_or_2017,
	title = {In or out? How the perceived morality (vs. competence) of prospective group members affects acceptance and rejection},
	volume = {47},
	rights = {Copyright Â© 2017 John Wiley \& Sons, Ltd.},
	issn = {1099-0992},
	url = {https://onlinelibrary.wiley.com/doi/abs/10.1002/ejsp.2269},
	doi = {10.1002/ejsp.2269},
	shorttitle = {In or out?},
	pages = {748--762},
	number = {6},
	journaltitle = {European Journal of Social Psychology},
	author = {Van der Lee, Romy and Ellemers, Naomi and Scheepers, Daan and Rutjens, Bastiaan T.},
	urldate = {2020-11-03},
	date = {2017},
	langid = {english},
	note = {\_eprint: https://onlinelibrary.wiley.com/doi/pdf/10.1002/ejsp.2269},
	keywords = {morality, competence, threat, deviance, exclusion, intragroup processes}
}


@article{dang_why_2020,
	title = {Why Are Self-Report and Behavioral Measures Weakly Correlated?},
	volume = {24},
	issn = {13646613},
	url = {https://linkinghub.elsevier.com/retrieve/pii/S1364661320300255},
	doi = {10.1016/j.tics.2020.01.007},
	pages = {267--269},
	number = {4},
	journaltitle = {Trends in Cognitive Sciences},
	shortjournal = {Trends in Cognitive Sciences},
	author = {Dang, Junhua and King, Kevin M. and Inzlicht, Michael},
	urldate = {2020-07-13},
	date = {2020-04},
	langid = {english}
}


@aticle{bagnis_toward_2019,
	title = {Toward an integrative science of social vision in intergroup bias},
	volume = {102},
	issn = {0149-7634},
	doi = {https://doi.org/10.1016/j.neubiorev.2019.04.020},
	pages = {318--326},
	journaltitle = {Neuroscience \& Biobehavioral Reviews},
	author = {Bagnis, Arianna and Celeghin, Alessia and Mosso, Cristina Onesta and Tamietto, Marco},
	date = {2019-07-01},
	keywords = {Emotion, Stereotypes, Intergroup bias, Predictive coding, Face perception, Social vision, Biased competition, Prejudices}
}


@article{baumeister_bad_2001,
	title = {Bad is Stronger than Good},
	volume = {5},
	issn = {1089-2680},
	url = {https://doi.org/10.1037/1089-2680.5.4.323},
	doi = {10.1037/1089-2680.5.4.323},
	pages = {323--370},
	number = {4},
	journaltitle = {Review of General Psychology},
	shortjournal = {Review of General Psychology},
	author = {Baumeister, Roy F. and Bratslavsky, Ellen and Finkenauer, Catrin and Vohs, Kathleen D.},
	urldate = {2021-01-31},
	date = {2001-12-01},
	langid = {english}
}




@article{dunbar_gossip_2004,
	title = {Gossip in Evolutionary Perspective},
	volume = {8},
	issn = {1089-2680},
	url = {https://doi.org/10.1037/1089-2680.8.2.100},
	doi = {10.1037/1089-2680.8.2.100},
	pages = {100--110},
	number = {2},
	journaltitle = {Review of General Psychology},
	shortjournal = {Review of General Psychology},
	author = {Dunbar, R. I. M.},
	urldate = {2021-03-22},
	date = {2004-06-01},
	langid = {english},
	note = {Publisher: {SAGE} Publications Inc}
}


@incollection{ellemers_morality_2018,
	location = {New York, {NY}, {US}},
	title = {Morality and social identity},
	isbn = {978-0-19-024757-7},
	series = {Oxford library of psychology},
	pages = {147--158},
	booktitle = {The Oxford handbook of the human essence},
	publisher = {Oxford University Press},
	author = {Ellemers, Naomi},
	editor = {van Zomeren, M. and Dovidio, J. F.},
	date = {2018},
	keywords = {Behavior, Conflict, Morality, Social Identity, Self-Concept, Intergroup Dynamics, Values, Social Groups, Group Differences, Human Nature, Social Issues, Social Norms}
}


@article{siegel_beliefs_2018,
	title = {Beliefs about bad people are volatile},
	volume = {2},
	rights = {2018 The Author(s)},
	issn = {2397-3374},
	url = {https://www.nature.com/articles/s41562-018-0425-1},
	doi = {10.1038/s41562-018-0425-1},
	pages = {750--756},
	number = {10},
	journaltitle = {Nature Human Behaviour},
	author = {Siegel, Jenifer Z. and Mathys, Christoph and Rutledge, Robb B. and Crockett, Molly J.},
	urldate = {2020-10-27},
	date = {2018-10},
	langid = {english},
	note = {Number: 10
Publisher: Nature Publishing Group}
}


@article{schupp_facilitated_2004,
	title = {The facilitated processing of threatening faces: an {ERP} analysis},
	volume = {4},
	issn = {1528-3542},
	doi = {10.1037/1528-3542.4.2.189},
	shorttitle = {The facilitated processing of threatening faces},
	pages = {189--200},
	number = {2},
	journaltitle = {Emotion (Washington, D.C.)},
	shortjournal = {Emotion},
	author = {Schupp, Harald T. and Ohman, Arne and JunghÃ¶fer, Markus and Weike, Almut I. and Stockburger, Jessica and Hamm, Alfons O.},
	date = {2004-06},
	pmid = {15222855},
	keywords = {Affect, Visual Perception, Female, Male, Humans, Adult, Temporal Lobe, Cues, Evoked Potentials, Facial Expression, Functional Laterality, Discrimination, Psychological, Occipital Lobe, Random Allocation}
}



@article{skowronski_negativity_1989,
	title = {Negativity and extremity biases in impression formation: A review of explanations.},
	volume = {105},
	issn = {1939-1455, 0033-2909},
	url = {http://doi.apa.org/getdoi.cfm?doi=10.1037/0033-2909.105.1.131},
	doi = {10.1037/0033-2909.105.1.131},
	shorttitle = {Negativity and extremity biases in impression formation},
	pages = {131--142},
	number = {1},
	journaltitle = {Psychological Bulletin},
	shortjournal = {Psychological Bulletin},
	author = {Skowronski, John J. and Carlston, Donal E.},
	urldate = {2021-03-19},
	date = {1989},
	langid = {english}
}


@article{baumeister_bad_2001,
	title = {Bad is Stronger than Good},
	volume = {5},
	issn = {1089-2680},
	url = {https://doi.org/10.1037/1089-2680.5.4.323},
	doi = {10.1037/1089-2680.5.4.323},
	pages = {323--370},
	number = {4},
	journaltitle = {Review of General Psychology},
	shortjournal = {Review of General Psychology},
	author = {Baumeister, Roy F. and Bratslavsky, Ellen and Finkenauer, Catrin and Vohs, Kathleen D.},
	urldate = {2021-01-31},
	date = {2001-12-01},
	langid = {english},
	note = {Publisher: {SAGE} Publications Inc}
}


@article{vanneste_attention_2007,
	title = {Attention bias toward noncooperative people. A dot probe classification study in cheating detection},
	volume = {28},
	issn = {1090-5138},
	url = {https://www.sciencedirect.com/science/article/pii/S1090513807000220},
	doi = {10.1016/j.evolhumbehav.2007.02.005},
	pages = {272--276},
	number = {4},
	journaltitle = {Evolution and Human Behavior},
	shortjournal = {Evolution and Human Behavior},
	author = {Vanneste, Sven and Verplaetse, Jan and Van Hiel, Alain and Braeckman, Johan},
	urldate = {2021-03-19},
	date = {2007-07-01},
	langid = {english},
	keywords = {Attention bias, Cheating detection, Dot probe}
}


@article{cushman_role_2006,
	title = {The Role of Conscious Reasoning and Intuition in Moral Judgment: Testing Three Principles of Harm},
	volume = {17},
	issn = {0956-7976},
	url = {https://doi.org/10.1111/j.1467-9280.2006.01834.x},
	doi = {10.1111/j.1467-9280.2006.01834.x},
	shorttitle = {The Role of Conscious Reasoning and Intuition in Moral Judgment},
	pages = {1082--1089},
	number = {12},
	journaltitle = {Psychological Science},
	shortjournal = {Psychol Sci},
	author = {Cushman, Fiery and Young, Liane and Hauser, Marc},
	urldate = {2021-03-22},
	date = {2006-12-01},
	langid = {english},
	note = {Publisher: {SAGE} Publications Inc}
}


@article{young_neural_2007,
	title = {The neural basis of the interaction between theory of mind and moral judgment},
	volume = {104},
	rights = {Â© 2007 by The National Academy of Sciences of the {USA}},
	issn = {0027-8424, 1091-6490},
	url = {https://www.pnas.org/content/104/20/8235},
	doi = {10.1073/pnas.0701408104},
	pages = {8235--8240},
	number = {20},
	journaltitle = {Proceedings of the National Academy of Sciences},
	shortjournal = {{PNAS}},
	author = {Young, Liane and Cushman, Fiery and Hauser, Marc and Saxe, Rebecca},
	urldate = {2021-03-22},
	date = {2007-05-15},
	langid = {english},
	pmid = {17485679},
	note = {Publisher: National Academy of Sciences
Section: Social Sciences},
	keywords = {functional {MRI}, medial prefrontal cortex, morality, right temporoparietal junction, theory of mind}
}


@article{haidt_new_2007,
	title = {The New Synthesis in Moral Psychology},
	volume = {316},
	rights = {American Association for the Advancement of Science},
	issn = {0036-8075, 1095-9203},
	url = {https://science.sciencemag.org/content/316/5827/998},
	doi = {10.1126/science.1137651},
	pages = {998--1002},
	number = {5827},
	journaltitle = {Science},
	author = {Haidt, Jonathan},
	urldate = {2021-03-22},
	date = {2007-05-18},
	langid = {english},
	pmid = {17510357},
	note = {Publisher: American Association for the Advancement of Science
Section: Review}
}


@article{rai_moral_2011,
	title = {Moral psychology is relationship regulation: Moral motives for unity, hierarchy, equality, and proportionality},
	volume = {118},
	issn = {1939-1471(Electronic),0033-295X(Print)},
	doi = {10.1037/a0021867},
	shorttitle = {Moral psychology is relationship regulation},
	pages = {57--75},
	number = {1},
	journaltitle = {Psychological Review},
	author = {Rai, Tage Shakti and Fiske, Alan Page},
	date = {2011},
	note = {Place: {US}
Publisher: American Psychological Association},
	keywords = {Culture (Anthropological), Morality, Social Behavior, Social Equality, Social Interaction, Social Justice, Violence}
}


@article{bliss-moreau_individual_2008,
	title = {Individual differences in learning the affective value of others under minimal conditions},
	volume = {8},
	issn = {1528-3542},
	doi = {10.1037/1528-3542.8.4.479},
	pages = {479--493},
	number = {4},
	journaltitle = {Emotion},
	shortjournal = {Emotion},
	author = {Bliss-Moreau, Eliza and Barrett, Lisa Feldman and Wright, Christopher I.},
	date = {2008-08},
	pmid = {18729580},
	pmcid = {PMC2761963},
	keywords = {Learning, Affect, Female, Male, Humans, Adult, Social Perception, Facial Expression, Environment, Extraversion, Psychological}
}


@article{falvello_robustness_2015,
	title = {The Robustness of Learning about the Trustworthiness of Other People},
	volume = {33},
	issn = {0278-016X},
	url = {https://guilfordjournals.com/doi/10.1521/soco.2015.33.5.368},
	doi = {10.1521/soco.2015.33.5.368},
	pages = {368--386},
	number = {5},
	journaltitle = {Social Cognition},
	author = {Falvello, Virginia and Vinson, Michael and Ferrari, Chiara and Todorov, Alexander},
	urldate = {2021-03-12},
	date = {2015-10-01},
	note = {Publisher: Guilford Publications Inc.}
}


@article{todorov_robust_2008,
	title = {Robust learning of affective trait associations with faces when the hippocampus is damaged, but not when the amygdala and temporal pole are damaged},
	volume = {3},
	issn = {1749-5016},
	url = {https://academic.oup.com/scan/article/3/3/195/1729173},
	doi = {10.1093/scan/nsn013},
	pages = {195--203},
	number = {3},
	journaltitle = {Social Cognitive and Affective Neuroscience},
	shortjournal = {Soc Cogn Affect Neurosci},
	author = {Todorov, Alexander and Olson, Ingrid R.},
	urldate = {2021-03-11},
	date = {2008-09-01},
	langid = {english},
	note = {Publisher: Oxford Academic}
}




@article{anderson_neurobiology_2019,
	title = {Neurobiology of value-driven attention},
	volume = {29},
	issn = {2352-250X},
	url = {https://www.sciencedirect.com/science/article/pii/S2352250X1830174X},
	doi = {10.1016/j.copsyc.2018.11.004},
	series = {Attention \& Perception},
	pages = {27--33},
	journaltitle = {Current Opinion in Psychology},
	shortjournal = {Current Opinion in Psychology},
	author = {Anderson, Brian A},
	urldate = {2021-03-22},
	date = {2019-10-01},
	langid = {english}
}


@article{pratto_automatic_1991,
	title = {Automatic vigilance: the attention-grabbing power of negative social information},
	volume = {61},
	issn = {0022-3514},
	doi = {10.1037//0022-3514.61.3.380},
	shorttitle = {Automatic vigilance},
	pages = {380--391},
	number = {3},
	journaltitle = {Journal of Personality and Social Psychology},
	shortjournal = {J Pers Soc Psychol},
	author = {Pratto, F. and John, O. P.},
	date = {1991-09},
	pmid = {1941510},
	keywords = {Adult, Arousal, Attention, Color Perception, Female, Humans, Male, Personality, Reaction Time, Social Desirability, Social Perception}
}



@article{skowronski_social_1987,
	title = {Social judgment and social memory: The role of cue diagnosticity in negativity, positivity, and extremity biases},
	volume = {52},
	issn = {1939-1315(Electronic),0022-3514(Print)},
	doi = {10.1037/0022-3514.52.4.689},
	shorttitle = {Social judgment and social memory},
	pages = {689--699},
	number = {4},
	journaltitle = {Journal of Personality and Social Psychology},
	author = {Skowronski, John J. and Carlston, Donal E.},
	date = {1987},
	note = {Place: {US}
Publisher: American Psychological Association},
	keywords = {Prejudice, Impression Formation, Social Perception, Cues}
}



@article{anisfeld_when_1966,
	title = {When are pleasant words learned faster than unpleasant words?},
	volume = {5},
	issn = {0022-5371},
	url = {https://www.sciencedirect.com/science/article/pii/S0022537166800063},
	doi = {10.1016/S0022-5371(66)80006-3},
	pages = {132--141},
	number = {2},
	journaltitle = {Journal of Verbal Learning and Verbal Behavior},
	shortjournal = {Journal of Verbal Learning and Verbal Behavior},
	author = {Anisfeld, Moshe and Lambert, Wallace E.},
	urldate = {2021-04-06},
	date = {1966-04-01},
	langid = {english},
}

@article{anselmi_positive_2011,
	title = {Positive Associations Primacy in the {IAT}},
	issn = {1618-3169},
	url = {https://econtent.hogrefe.com/doi/abs/10.1027/1618-3169/a000106},
	journaltitle = {Experimental Psychology},
	author = {Anselmi, Pasquale and Vianello, Michelangelo and Robusto, Egidio},
	urldate = {2021-04-06},
	date = {2011-01-01},
	langid = {english},
	note = {Publisher: Hogrefe Publishing}
}

@article{anderson_averaging_1965,
	title = {Averaging versus adding as a stimulus-combination rule in impression formation},
	volume = {70},
	issn = {0022-1015(Print)},
	doi = {10.1037/h0022280},
	pages = {394--400},
	number = {4},
	journaltitle = {Journal of Experimental Psychology},
	author = {Anderson, Norman H.},
	date = {1965},
	note = {Place: {US}
Publisher: American Psychological Association},
	keywords = {Adjectives, Affection, Impression Formation, Personality Traits}
}

@article{fiske_attention_1980,
	title = {Attention and weight in person perception: The impact of negative and extreme behavior},
	volume = {38},
	issn = {1939-1315(Electronic),0022-3514(Print)},
	doi = {10.1037/0022-3514.38.6.889},
	shorttitle = {Attention and weight in person perception},
	pages = {889--906},
	number = {6},
	journaltitle = {Journal of Personality and Social Psychology},
	author = {Fiske, Susan T.},
	date = {1980},
	note = {Place: {US}
Publisher: American Psychological Association},
	keywords = {Attention, Interpersonal Interaction, Rating, Social Perception}
}


@article{bargh_generality_1992,
	title = {The generality of the automatic attitude activation effect},
	volume = {62},
	issn = {1939-1315(Electronic),0022-3514(Print)},
	doi = {10.1037/0022-3514.62.6.893},
	pages = {893--912},
	number = {6},
	journaltitle = {Journal of Personality and Social Psychology},
	author = {Bargh, John A. and Chaiken, Shelly and Govender, Rajen and Pratto, Felicia},
	date = {1992},
	note = {Place: {US}
Publisher: American Psychological Association},
	keywords = {Cognitive Generalization, Adjectives, Adult Attitudes}
}


@article{unkelbach_good_2010,
	title = {Good Things Come Easy: Subjective Exposure Frequency and the Faster Processing of Positive Information},
	volume = {28},
	issn = {0278-016X},
	url = {https://guilfordjournals.com/doi/10.1521/soco.2010.28.4.538},
	doi = {10.1521/soco.2010.28.4.538},
	shorttitle = {Good Things Come Easy},
	pages = {538--555},
	number = {4},
	journaltitle = {Social Cognition},
	author = {Unkelbach, Christian and von Hippel, William and Forgas, Joseph P. and Robinson, Michael D. and Shakarchi, Richard J. and Hawkins, Chris},
	urldate = {2021-04-10},
	date = {2010-08-01},
	note = {Publisher: Guilford Publications Inc.}
}




@article{hafri_perception_2021,
	title = {The {Perception} of {Relations}},
	volume = {25},
	issn = {1364-6613},
	url = {https://www.sciencedirect.com/science/article/pii/S1364661321000085},
	doi = {10.1016/j.tics.2021.01.006},
	language = {en},
	number = {6},
	urldate = {2022-12-15},
	journal = {Trends in Cognitive Sciences},
	author = {Hafri, Alon and Firestone, Chaz},
	month = jun,
	year = {2021},
	keywords = {visual psychophysics, compositionality, core cognition, intuitive physics, role-binding, structured representations},
	pages = {475--492},
}




@article{lupyan_effects_2020,
	title = {Effects of {Language} on {Visual} {Perception}},
	volume = {0},
	issn = {1364-6613, 1879-307X},
	url = {https://www.cell.com/trends/cognitive-sciences/abstract/S1364-6613(20)30213-8},
	doi = {10.1016/j.tics.2020.08.005},
	language = {English},
	number = {0},
	urldate = {2020-10-09},
	journal = {Trends in Cognitive Sciences},
	author = {Lupyan, Gary and Rahman, Rasha Abdel and Boroditsky, Lera and Clark, Andy},
	month = oct,
	year = {2020},
	pmid = {33012687},
	note = {Publisher: Elsevier},
	keywords = {prediction, perception, vision, top-down effects, categorization, language},
}



@article{carlson_nat_comm_2020,
	title = {Motivated misremembering of selfish decisions},
	volume = {11},
	copyright = {2020 The Author(s)},
	issn = {2041-1723},
	url = {https://www.nature.com/articles/s41467-020-15602-4},
	doi = {10.1038/s41467-020-15602-4},
	language = {en},
	number = {1},
	urldate = {2020-07-21},
	journal = {Nature Communications},
	author = {Carlson, Ryan W. and Maréchal, Michel André and Oud, Bastiaan and Fehr, Ernst and Crockett, Molly J.},
	month = apr,
	year = {2020},
	pages = {2100},
}

@article{stanley_remembering_2019,
	title = {Remembering moral and immoral actions in constructing the self},
	volume = {47},
	issn = {1532-5946},
	url = {https://doi.org/10.3758/s13421-018-0880-y},
	doi = {10.3758/s13421-018-0880-y},
	language = {en},
	number = {3},
	urldate = {2020-07-26},
	journal = {Memory \& Cognition},
	author = {Stanley, Matthew L. and Henne, Paul and De Brigard, Felipe},
	month = apr,
	year = {2019},
	pages = {441--454},
}




@article{yankouskaya_relationship_2022,
	title = {The relationship between self, value-based reward and emotion prioritisation effects},
	issn = {1747-0218},
	shorttitle = {{EXPRESS}},
	url = {https://doi.org/10.1177/17470218221102887},
	doi = {10.1177/17470218221102887},
	language = {en},
	urldate = {2022-05-21},
	journal = {Quarterly Journal of Experimental Psychology},
	author = {Yankouskaya, Alla and Lovett, Gemma and Sui, Jie},
	month = may,
	year = {2022},
	note = {Publisher: SAGE Publications},
	keywords = {emotion prioritisation, self-prioritisation, value-based reward prioritisation},
}






